=LDR  01703 as a2200457 a 4500
=001  015782832
=003  Uk
=005  20110721135612.0
=006  m\\\\\\\\d\|\\\\\\
=007  cr||||||||||||
=008  110331c200u9999enkmr\p\s\\\\\0\\\a0eng\\
=015  \\$aGBB141891$2bnb
=022  0\$a2046-8571$y1757-5273$202
=040  \\$aUk$beng$cUk
=042  \\$aukblsr$aissnuk
=082  04$a336.20094105$222
=222  \0$aTax factbook newsletter
=245  00$aTax factbook newsletter$h[electronic resource].
=260  \\$aKingston upon Thames :$bWolters Kluwer (UK)
=336  \\$atext$2rdacontent
=337  \\$acomputer$2rdamedia
=338  \\$aonline resource$2rdacarrier
=538  \\$aMode of access: World Wide Web and email.
=538  \\$aSystem requirements: Adobe Acrobat Reader.
=588  \\$aDescription based on: Dec. 2010 issue; title from PDF caption (email, sent 09/12/2010).
=650  \0$aTaxation$zGreat Britain$vPeriodicals.
=780  00$tGee tax factbook newsletter$x1757-5273
=856  4\$umailto:Publications@cch-info.co.uk$xTo subscribe
=CAT  \\$a5997$b40$c20110331$lBLL01$h1057
=CAT  \\$a5997$b40$c20110331$lBLL01$h1447
=CAT  \\$a5997$b40$c20110406$lBLL01$h0926
=CAT  \\$a5997$b40$c20110406$lBLL01$h0931
=CAT  \\$a11313$b40$c20110721$lBLL01$h1356
=CAT  \\$aW1711-1225$c20171203$lBLL01$h1042
=FIN  \\$aY$d20110331
=FMT  \\$a  SE
=LAS  \\$aW1711-1225$b00$c20171203$lBLL01$h1042
=LET  \0$aTax factbook newsletter (Electronic)
=LKR  \\$aPAR$b014588664$lBLL01$nGee tax factbook newsletter (Online)$mTax factbook newsletter (Online)$r78000
=STA  \\$aSUPPRESSED$bunable to determine reason for suppression
=TCO  \\$aCLA$bCLA$c008

